<?xml version="1.0" encoding="UTF-8"?>
<OAI-PMH xmlns="http://www.openarchives.org/OAI/2.0/" xmlns:xsi="http://www.w3.org/2001/XMLSchema-instance" xsi:schemaLocation="http://www.openarchives.org/OAI/2.0/ http://www.openarchives.org/OAI/2.0/OAI-PMH.xsd">
  <responseDate>2010-08-10T20:06:42Z</responseDate>
  <request verb="ListRecords" from="2010-08-10T20:06:35Z" until="2010-08-10T20:06:42Z" metadataPrefix="marcxml">http://localhost:8080/OAIToolkit/oai-request.do</request>
  <ListRecords>
    <record>
      <header>
        <identifier>oai:library.rochester.edu:URVoyager1/419</identifier>
        <datestamp>2010-08-10T20:06:40Z</datestamp>
        <setSpec>bib</setSpec>
      </header>
      <metadata>
        <marc:record xmlns:marc="http://www.loc.gov/MARC21/slim" xmlns:xsi="http://www.w3.org/2001/XMLSchema-instance" xsi:schemaLocation="http://www.loc.gov/MARC21/slim http://localhost:8080/OAIToolkit/schema/MARC21slim_custom.xsd">
          <marc:leader>02601cas a2200553 a 4500</marc:leader>
          <marc:controlfield tag="001">2684</marc:controlfield>
          <marc:controlfield tag="005">20100129103202.0</marc:controlfield>
          <marc:controlfield tag="008">751101c19649999inuqr1p       0   a0eng  </marc:controlfield>
          <marc:datafield tag="010" ind1=" " ind2=" ">
            <marc:subfield code="a">41015235 //r974</marc:subfield>
            <marc:subfield code="z">sc 80000376</marc:subfield>
            <marc:subfield code="z">sn 78005866</marc:subfield>
          </marc:datafield>
          <marc:datafield tag="022" ind1=" " ind2=" ">
            <marc:subfield code="a">0021-8723</marc:subfield>
          </marc:datafield>
          <marc:datafield tag="032" ind1=" " ind2=" ">
            <marc:subfield code="a">278180</marc:subfield>
            <marc:subfield code="b">USPS</marc:subfield>
          </marc:datafield>
          <marc:datafield tag="035" ind1=" " ind2=" ">
            <marc:subfield code="a">(OCoLC)01754428</marc:subfield>
          </marc:datafield>
          <marc:datafield tag="037" ind1=" " ind2=" ">
            <marc:subfield code="b">Executive Secretary, Organization of American Historians, 112 N. Bryan St., Bloomington, IN 47401</marc:subfield>
          </marc:datafield>
          <marc:datafield tag="040" ind1=" " ind2=" ">
            <marc:subfield code="a">DLC</marc:subfield>
            <marc:subfield code="c">MUL</marc:subfield>
            <marc:subfield code="d">BTI</marc:subfield>
            <marc:subfield code="d">OCL</marc:subfield>
            <marc:subfield code="d">NSD</marc:subfield>
            <marc:subfield code="d">COO</marc:subfield>
            <marc:subfield code="d">NSD</marc:subfield>
            <marc:subfield code="d">IUL</marc:subfield>
            <marc:subfield code="d">DLC</marc:subfield>
            <marc:subfield code="d">OCL</marc:subfield>
            <marc:subfield code="d">NST</marc:subfield>
            <marc:subfield code="d">AIP</marc:subfield>
            <marc:subfield code="d">NSD</marc:subfield>
            <marc:subfield code="d">AIP</marc:subfield>
            <marc:subfield code="d">HUL</marc:subfield>
            <marc:subfield code="d">AIP</marc:subfield>
            <marc:subfield code="d">NST</marc:subfield>
            <marc:subfield code="d">DLC</marc:subfield>
            <marc:subfield code="d">NST</marc:subfield>
            <marc:subfield code="d">NSD</marc:subfield>
            <marc:subfield code="d">NST</marc:subfield>
            <marc:subfield code="d">NSD</marc:subfield>
            <marc:subfield code="d">MYG</marc:subfield>
            <marc:subfield code="d">DLC</marc:subfield>
          </marc:datafield>
          <marc:datafield tag="042" ind1=" " ind2=" ">
            <marc:subfield code="a">nsdp</marc:subfield>
            <marc:subfield code="a">lc</marc:subfield>
          </marc:datafield>
          <marc:datafield tag="043" ind1=" " ind2=" ">
            <marc:subfield code="a">n-us---</marc:subfield>
          </marc:datafield>
          <marc:datafield tag="049" ind1=" " ind2=" ">
            <marc:subfield code="a">RRRR</marc:subfield>
          </marc:datafield>
          <marc:datafield tag="050" ind1="0" ind2="0">
            <marc:subfield code="a">E171</marc:subfield>
            <marc:subfield code="b">.J87</marc:subfield>
          </marc:datafield>
          <marc:datafield tag="090" ind1=" " ind2=" ">
            <marc:subfield code="a">F351.A1</marc:subfield>
            <marc:subfield code="b">M67</marc:subfield>
          </marc:datafield>
          <marc:datafield tag="130" ind1="0" ind2=" ">
            <marc:subfield code="a">Journal of American history (Bloomington, Indiana)</marc:subfield>
          </marc:datafield>
          <marc:datafield tag="210" ind1="0" ind2=" ">
            <marc:subfield code="a">J. Am. hist.</marc:subfield>
            <marc:subfield code="b">(Bloomingt. Indiana)</marc:subfield>
          </marc:datafield>
          <marc:datafield tag="222" ind1=" " ind2="4">
            <marc:subfield code="a">The Journal of American history</marc:subfield>
            <marc:subfield code="b">(Bloomington, Ind.)</marc:subfield>
          </marc:datafield>
          <marc:datafield tag="245" ind1="0" ind2="4">
            <marc:subfield code="a">The Journal of American history.</marc:subfield>
          </marc:datafield>
          <marc:datafield tag="260" ind1=" " ind2=" ">
            <marc:subfield code="a">Bloomington, Ind. :</marc:subfield>
            <marc:subfield code="b">Mississippi Valley Historical Association,</marc:subfield>
            <marc:subfield code="c">c1964-</marc:subfield>
          </marc:datafield>
          <marc:datafield tag="300" ind1=" " ind2=" ">
            <marc:subfield code="a">v. ;</marc:subfield>
            <marc:subfield code="c">26 cm.</marc:subfield>
          </marc:datafield>
          <marc:datafield tag="310" ind1=" " ind2=" ">
            <marc:subfield code="a">Quarterly</marc:subfield>
          </marc:datafield>
          <marc:datafield tag="362" ind1="0" ind2=" ">
            <marc:subfield code="a">Vol. 51, no. 1 (June 1964)-</marc:subfield>
          </marc:datafield>
          <marc:datafield tag="510" ind1="1" ind2=" ">
            <marc:subfield code="a">Magazine index</marc:subfield>
            <marc:subfield code="b">1964-</marc:subfield>
          </marc:datafield>
          <marc:datafield tag="510" ind1="1" ind2=" ">
            <marc:subfield code="a">Book review digest</marc:subfield>
            <marc:subfield code="x">0006-7326</marc:subfield>
          </marc:datafield>
          <marc:datafield tag="510" ind1="2" ind2=" ">
            <marc:subfield code="a">Annual bibliography of English language and literature</marc:subfield>
            <marc:subfield code="x">0066-3786</marc:subfield>
          </marc:datafield>
          <marc:datafield tag="510" ind1="2" ind2=" ">
            <marc:subfield code="a">MLA international bibliography of books and articles on the modern languages and literatures (Complete edition)</marc:subfield>
            <marc:subfield code="x">0024-8215</marc:subfield>
          </marc:datafield>
          <marc:datafield tag="510" ind1="2" ind2=" ">
            <marc:subfield code="a">Book review index</marc:subfield>
            <marc:subfield code="x">0524-0581</marc:subfield>
          </marc:datafield>
          <marc:datafield tag="510" ind1="0" ind2=" ">
            <marc:subfield code="a">Social sciences &amp; humanities index</marc:subfield>
            <marc:subfield code="x">0037-7899</marc:subfield>
          </marc:datafield>
          <marc:datafield tag="510" ind1="0" ind2=" ">
            <marc:subfield code="a">International index</marc:subfield>
          </marc:datafield>
          <marc:datafield tag="510" ind1="1" ind2=" ">
            <marc:subfield code="a">Humanities index</marc:subfield>
            <marc:subfield code="x">0095-5981</marc:subfield>
          </marc:datafield>
          <marc:datafield tag="510" ind1="2" ind2=" ">
            <marc:subfield code="a">Recently published articles</marc:subfield>
            <marc:subfield code="x">0145-5311</marc:subfield>
          </marc:datafield>
          <marc:datafield tag="510" ind1="2" ind2=" ">
            <marc:subfield code="a">Reference sources</marc:subfield>
            <marc:subfield code="x">0163-3546</marc:subfield>
          </marc:datafield>
          <marc:datafield tag="510" ind1="2" ind2=" ">
            <marc:subfield code="a">Women studies abstracts</marc:subfield>
            <marc:subfield code="x">0049-7835</marc:subfield>
          </marc:datafield>
          <marc:datafield tag="510" ind1="2" ind2=" ">
            <marc:subfield code="a">Writings on American history</marc:subfield>
            <marc:subfield code="x">0364-2887</marc:subfield>
          </marc:datafield>
          <marc:datafield tag="510" ind1="2" ind2=" ">
            <marc:subfield code="a">America, history and life</marc:subfield>
            <marc:subfield code="x">0002-7065</marc:subfield>
            <marc:subfield code="b">1954-</marc:subfield>
          </marc:datafield>
          <marc:datafield tag="510" ind1="2" ind2=" ">
            <marc:subfield code="a">Historical abstracts. Part A. Modern history abstracts</marc:subfield>
            <marc:subfield code="x">0363-2717</marc:subfield>
            <marc:subfield code="b">1954-</marc:subfield>
          </marc:datafield>
          <marc:datafield tag="510" ind1="2" ind2=" ">
            <marc:subfield code="a">Historical abstracts. Part B. Twentieth century abstracts</marc:subfield>
            <marc:subfield code="x">0363-2725</marc:subfield>
            <marc:subfield code="b">1954-</marc:subfield>
          </marc:datafield>
          <marc:datafield tag="530" ind1=" " ind2=" ">
            <marc:subfield code="a">Scanned images of back issues also available via the World Wide Web.</marc:subfield>
          </marc:datafield>
          <marc:datafield tag="550" ind1=" " ind2=" ">
            <marc:subfield code="a">Vols. for June 1964-Mar. 1965 published by the Mississippi Valley Historical Association; June 1965-&lt;June 1984&gt; by the Organization of American Historians.</marc:subfield>
          </marc:datafield>
          <marc:datafield tag="651" ind1=" " ind2="0">
            <marc:subfield code="a">United States</marc:subfield>
            <marc:subfield code="x">History</marc:subfield>
            <marc:subfield code="x">Periodicals.</marc:subfield>
          </marc:datafield>
          <marc:datafield tag="710" ind1="2" ind2=" ">
            <marc:subfield code="a">Organization of American Historians.</marc:subfield>
          </marc:datafield>
          <marc:datafield tag="710" ind1="2" ind2=" ">
            <marc:subfield code="a">Mississippi Valley Historical Association.</marc:subfield>
          </marc:datafield>
          <marc:datafield tag="776" ind1="1" ind2=" ">
            <marc:subfield code="t">Journal of American history (Bloomington, Ind. : Online)</marc:subfield>
          </marc:datafield>
          <marc:datafield tag="780" ind1="0" ind2="0">
            <marc:subfield code="t">Mississippi Valley historical review</marc:subfield>
            <marc:subfield code="x">0161-391X</marc:subfield>
            <marc:subfield code="w">(OCoLC)1776316</marc:subfield>
            <marc:subfield code="w">(DLC)sf 86005017</marc:subfield>
          </marc:datafield>
        </marc:record>
      </metadata>
    </record>
    <record>
      <header>
        <identifier>oai:library.rochester.edu:URVoyager1/420</identifier>
        <datestamp>2010-08-10T20:06:40Z</datestamp>
        <setSpec>hold</setSpec>
      </header>
      <metadata>
        <marc:record xmlns:marc="http://www.loc.gov/MARC21/slim" xmlns:xsi="http://www.w3.org/2001/XMLSchema-instance" xsi:schemaLocation="http://www.loc.gov/MARC21/slim http://localhost:8080/OAIToolkit/schema/MARC21slim_custom.xsd">
          <marc:leader>00291cy  a22001093  4500</marc:leader>
          <marc:controlfield tag="001">4405</marc:controlfield>
          <marc:controlfield tag="004">2684</marc:controlfield>
          <marc:controlfield tag="005">20021002111301.0</marc:controlfield>
          <marc:controlfield tag="008">9803264p    8   4001uueng0000000</marc:controlfield>
          <marc:datafield tag="852" ind1="0" ind2=" ">
            <marc:subfield code="b">RheesStack</marc:subfield>
            <marc:subfield code="h">F351.A1</marc:subfield>
            <marc:subfield code="i">M67</marc:subfield>
            <marc:subfield code="z">Current issues in Periodical Reading Room</marc:subfield>
          </marc:datafield>
          <marc:datafield tag="866" ind1="3" ind2="0">
            <marc:subfield code="a">v.51 (1964)-</marc:subfield>
          </marc:datafield>
          <marc:datafield tag="866" ind1=" " ind2="0">
            <marc:subfield code="8">0</marc:subfield>
            <marc:subfield code="a">v. 96, no. 1 (June 2009)</marc:subfield>
          </marc:datafield>
        </marc:record>
      </metadata>
    </record>