
    <record>
      <header>
        <identifier>oai:library.rochester.edu:URVoyager1/421</identifier>
        <datestamp>2010-08-10T20:06:40Z</datestamp>
        <setSpec>bib</setSpec>
      </header>
      <metadata>
        <marc:record xmlns:marc="http://www.loc.gov/MARC21/slim" xmlns:xsi="http://www.w3.org/2001/XMLSchema-instance" xsi:schemaLocation="http://www.loc.gov/MARC21/slim http://localhost:8080/OAIToolkit/schema/MARC21slim_custom.xsd">
          <marc:leader>03475cam a22005650  4500</marc:leader>
          <marc:controlfield tag="001">473905</marc:controlfield>
          <marc:controlfield tag="005">20060803200511.0</marc:controlfield>
          <marc:controlfield tag="008">731030m19351967nyuabc   b    000 0 eng  </marc:controlfield>
          <marc:datafield tag="010" ind1=" " ind2=" ">
            <marc:subfield code="a">35010016 //r767</marc:subfield>
          </marc:datafield>
          <marc:datafield tag="019" ind1=" " ind2=" ">
            <marc:subfield code="a">2396369</marc:subfield>
          </marc:datafield>
          <marc:datafield tag="035" ind1=" " ind2=" ">
            <marc:subfield code="b">ocm</marc:subfield>
            <marc:subfield code="a">00387805</marc:subfield>
          </marc:datafield>
          <marc:datafield tag="035" ind1=" " ind2=" ">
            <marc:subfield code="9">00392949</marc:subfield>
          </marc:datafield>
          <marc:datafield tag="040" ind1=" " ind2=" ">
            <marc:subfield code="a">DLC</marc:subfield>
            <marc:subfield code="c">DLC</marc:subfield>
            <marc:subfield code="d">m.c.</marc:subfield>
            <marc:subfield code="d">RRR</marc:subfield>
          </marc:datafield>
          <marc:datafield tag="049" ind1=" " ind2=" ">
            <marc:subfield code="a">RRRA</marc:subfield>
            <marc:subfield code="v">2</marc:subfield>
          </marc:datafield>
          <marc:datafield tag="050" ind1="0" ind2=" ">
            <marc:subfield code="a">CB53</marc:subfield>
            <marc:subfield code="b">.D85</marc:subfield>
          </marc:datafield>
          <marc:datafield tag="090" ind1=" " ind2=" ">
            <marc:subfield code="a">CB53</marc:subfield>
            <marc:subfield code="b">.D95s</marc:subfield>
          </marc:datafield>
          <marc:datafield tag="099" ind1=" " ind2=" ">
            <marc:subfield code="a">CB53 .D95s</marc:subfield>
          </marc:datafield>
          <marc:datafield tag="100" ind1="1" ind2=" ">
            <marc:subfield code="a">Durant, Will,</marc:subfield>
            <marc:subfield code="d">1885-1981.</marc:subfield>
          </marc:datafield>
          <marc:datafield tag="245" ind1="1" ind2="4">
            <marc:subfield code="a">The story of civilization.</marc:subfield>
          </marc:datafield>
          <marc:datafield tag="260" ind1=" " ind2=" ">
            <marc:subfield code="a">New York,</marc:subfield>
            <marc:subfield code="b">Simon and Schuster,</marc:subfield>
            <marc:subfield code="c">1935-67.</marc:subfield>
          </marc:datafield>
          <marc:datafield tag="300" ind1=" " ind2=" ">
            <marc:subfield code="a">11 v.</marc:subfield>
            <marc:subfield code="b">illus., maps, ports.</marc:subfield>
            <marc:subfield code="c">26 cm.</marc:subfield>
          </marc:datafield>
          <marc:datafield tag="500" ind1=" " ind2=" ">
            <marc:subfield code="a">Vols. 7-10 by Will and Ariel Durant.</marc:subfield>
          </marc:datafield>
          <marc:datafield tag="504" ind1=" " ind2=" ">
            <marc:subfield code="a">Includes bibliographies.</marc:subfield>
          </marc:datafield>
          <marc:datafield tag="505" ind1="1" ind2=" ">
            <marc:subfield code="a">1. Our oriental heritage; being a history of civilization in Egypt and the Near East to the death of Alexander, and in India, China and Japan from the beginning of our own day; with an introduction on the nature and foundations of civilization.--2. The life of Greece; being a history of Greek civilization from the beginnings, and of civilization in the Near East from the death of Alexander, to the Roman conquest; with an introduction on the prehistoric culture of Crete.--3. Caesar and Christ, a history of Roman civilization and of Christianity from their beginnings to A.D. 325.--4. The age of Faith; a history of medieval civilization (Christian, Islamic, and Judaic) from Constantine to Dante, A.D. 325-1300.--5. The Renaissance; a history of civilization in Italy from 1304-1576 A.D.--6. The Reformation.--7. The Age of Reason begins, 1558-1648.--8. The age of Louis XIV, 1648-1715.--9. The age of Voltaire; a history of civlization in Western Europe from 1715 to 1756, with special emphasis on the conflict between religion and philosophy.--10. Rousseau and revolution; a history of civilization in France, England, and Germany from 1756, and in the remainder of Europe from 1715 to 1789.--11. The age of Napoleon; a history of European civilization from 1789 to 1815.</marc:subfield>
          </marc:datafield>
          <marc:datafield tag="590" ind1=" " ind2=" ">
            <marc:subfield code="a">Rhees Vol. 3, copy 3: From the library of Chester F. Carlson and Dorris H. Carlson.</marc:subfield>
          </marc:datafield>
          <marc:datafield tag="650" ind1=" " ind2="0">
            <marc:subfield code="a">Civilization</marc:subfield>
            <marc:subfield code="x">History.</marc:subfield>
          </marc:datafield>
          <marc:datafield tag="700" ind1="1" ind2=" ">
            <marc:subfield code="a">Durant, Ariel,</marc:subfield>
            <marc:subfield code="e">joint author.</marc:subfield>
          </marc:datafield>
          <marc:datafield tag="910" ind1=" " ind2=" ">
            <marc:subfield code="a">951118</marc:subfield>
          </marc:datafield>
          <marc:datafield tag="911" ind1=" " ind2=" ">
            <marc:subfield code="a">u</marc:subfield>
          </marc:datafield>
          <marc:datafield tag="966" ind1=" " ind2=" ">
            <marc:subfield code="l">Stack</marc:subfield>
            <marc:subfield code="m">RMON</marc:subfield>
            <marc:subfield code="s">CB53 .D95s</marc:subfield>
            <marc:subfield code="d">v. 1</marc:subfield>
            <marc:subfield code="b">39087003922954</marc:subfield>
          </marc:datafield>
          <marc:datafield tag="966" ind1=" " ind2=" ">
            <marc:subfield code="l">Stack</marc:subfield>
            <marc:subfield code="m">RMON</marc:subfield>
            <marc:subfield code="s">CB53 .D95s</marc:subfield>
            <marc:subfield code="d">v. 1</marc:subfield>
            <marc:subfield code="b">39087002945352</marc:subfield>
          </marc:datafield>
          <marc:datafield tag="966" ind1=" " ind2=" ">
            <marc:subfield code="l">Stack</marc:subfield>
            <marc:subfield code="m">RMON</marc:subfield>
            <marc:subfield code="s">CB53 .D95s</marc:subfield>
            <marc:subfield code="d">v. 1</marc:subfield>
            <marc:subfield code="b">39087003922970</marc:subfield>
          </marc:datafield>
          <marc:datafield tag="966" ind1=" " ind2=" ">
            <marc:subfield code="l">Stack</marc:subfield>
            <marc:subfield code="m">RMON</marc:subfield>
            <marc:subfield code="s">CB53 .D95s</marc:subfield>
            <marc:subfield code="d">v. 1</marc:subfield>
            <marc:subfield code="b">39087003922962</marc:subfield>
          </marc:datafield>
          <marc:datafield tag="966" ind1=" " ind2=" ">
            <marc:subfield code="l">Stack/</marc:subfield>
            <marc:subfield code="m">AMON</marc:subfield>
            <marc:subfield code="s">CB53 .D95s</marc:subfield>
            <marc:subfield code="d">v. 2</marc:subfield>
            <marc:subfield code="b">39087002186528</marc:subfield>
          </marc:datafield>
          <marc:datafield tag="966" ind1=" " ind2=" ">
            <marc:subfield code="l">Stack</marc:subfield>
            <marc:subfield code="m">RMON</marc:subfield>
            <marc:subfield code="s">CB53 .D95s</marc:subfield>
            <marc:subfield code="d">v. 2</marc:subfield>
            <marc:subfield code="b">39087003607340</marc:subfield>
          </marc:datafield>
          <marc:datafield tag="966" ind1=" " ind2=" ">
            <marc:subfield code="l">Stack</marc:subfield>
            <marc:subfield code="m">RMON</marc:subfield>
            <marc:subfield code="s">CB53 .D95s</marc:subfield>
            <marc:subfield code="d">v. 2</marc:subfield>
            <marc:subfield code="b">39087003607332</marc:subfield>
          </marc:datafield>
          <marc:datafield tag="966" ind1=" " ind2=" ">
            <marc:subfield code="l">Stack</marc:subfield>
            <marc:subfield code="m">RMON</marc:subfield>
            <marc:subfield code="s">CB53 .D95s</marc:subfield>
            <marc:subfield code="d">v. 3</marc:subfield>
            <marc:subfield code="b">39087003922947</marc:subfield>
          </marc:datafield>
          <marc:datafield tag="966" ind1=" " ind2=" ">
            <marc:subfield code="l">Stack</marc:subfield>
            <marc:subfield code="m">RMON</marc:subfield>
            <marc:subfield code="s">CB53 .D95s</marc:subfield>
            <marc:subfield code="d">v. 3</marc:subfield>
            <marc:subfield code="b">39087003922897</marc:subfield>
          </marc:datafield>
          <marc:datafield tag="966" ind1=" " ind2=" ">
            <marc:subfield code="l">Stack</marc:subfield>
            <marc:subfield code="m">RMON</marc:subfield>
            <marc:subfield code="s">CB53 .D95s</marc:subfield>
            <marc:subfield code="d">v. 4</marc:subfield>
            <marc:subfield code="b">39087003922921</marc:subfield>
          </marc:datafield>
          <marc:datafield tag="966" ind1=" " ind2=" ">
            <marc:subfield code="l">Stack</marc:subfield>
            <marc:subfield code="m">RMON</marc:subfield>
            <marc:subfield code="s">CB53 .D95s</marc:subfield>
            <marc:subfield code="d">v. 4</marc:subfield>
            <marc:subfield code="b">39087003922939</marc:subfield>
          </marc:datafield>
          <marc:datafield tag="966" ind1=" " ind2=" ">
            <marc:subfield code="l">Stack</marc:subfield>
            <marc:subfield code="m">RMON</marc:subfield>
            <marc:subfield code="s">CB53 .D95s</marc:subfield>
            <marc:subfield code="d">v. 5</marc:subfield>
            <marc:subfield code="b">39087003922913</marc:subfield>
          </marc:datafield>
          <marc:datafield tag="966" ind1=" " ind2=" ">
            <marc:subfield code="l">Stack</marc:subfield>
            <marc:subfield code="m">RMON</marc:subfield>
            <marc:subfield code="s">CB53 .D95s</marc:subfield>
            <marc:subfield code="d">v. 5</marc:subfield>
            <marc:subfield code="b">39087003922905</marc:subfield>
          </marc:datafield>
          <marc:datafield tag="966" ind1=" " ind2=" ">
            <marc:subfield code="l">Stack</marc:subfield>
            <marc:subfield code="m">RMON</marc:subfield>
            <marc:subfield code="s">CB53 .D95s</marc:subfield>
            <marc:subfield code="d">v. 6</marc:subfield>
            <marc:subfield code="b">39087003922889</marc:subfield>
          </marc:datafield>
          <marc:datafield tag="966" ind1=" " ind2=" ">
            <marc:subfield code="l">Stack</marc:subfield>
            <marc:subfield code="m">RMON</marc:subfield>
            <marc:subfield code="s">CB53 .D95s</marc:subfield>
            <marc:subfield code="d">v. 7</marc:subfield>
            <marc:subfield code="b">39087003922871</marc:subfield>
          </marc:datafield>
          <marc:datafield tag="966" ind1=" " ind2=" ">
            <marc:subfield code="l">Stack</marc:subfield>
            <marc:subfield code="m">RMON</marc:subfield>
            <marc:subfield code="s">CB53 .D95s</marc:subfield>
            <marc:subfield code="d">v. 8</marc:subfield>
            <marc:subfield code="b">39087003922863</marc:subfield>
          </marc:datafield>
          <marc:datafield tag="966" ind1=" " ind2=" ">
            <marc:subfield code="l">Stack</marc:subfield>
            <marc:subfield code="m">RMON</marc:subfield>
            <marc:subfield code="s">CB53 .D95s</marc:subfield>
            <marc:subfield code="d">v. 9</marc:subfield>
            <marc:subfield code="b">39087003922855</marc:subfield>
          </marc:datafield>
          <marc:datafield tag="966" ind1=" " ind2=" ">
            <marc:subfield code="l">Stack</marc:subfield>
            <marc:subfield code="m">RMON</marc:subfield>
            <marc:subfield code="s">CB53 .D95s</marc:subfield>
            <marc:subfield code="d">v. 10</marc:subfield>
            <marc:subfield code="b">39087003922848</marc:subfield>
          </marc:datafield>
          <marc:datafield tag="966" ind1=" " ind2=" ">
            <marc:subfield code="l">Stack</marc:subfield>
            <marc:subfield code="m">RMON</marc:subfield>
            <marc:subfield code="s">CB53 .D95s</marc:subfield>
            <marc:subfield code="d">v. 10</marc:subfield>
            <marc:subfield code="b">39087003922830</marc:subfield>
          </marc:datafield>
          <marc:datafield tag="966" ind1=" " ind2=" ">
            <marc:subfield code="l">Stack</marc:subfield>
            <marc:subfield code="m">RMON</marc:subfield>
            <marc:subfield code="s">CB53 .D95s</marc:subfield>
            <marc:subfield code="d">v. 11</marc:subfield>
            <marc:subfield code="b">39087003922822</marc:subfield>
          </marc:datafield>
          <marc:datafield tag="966" ind1=" " ind2=" ">
            <marc:subfield code="l">GenStk</marc:subfield>
            <marc:subfield code="m">DIVMTH</marc:subfield>
            <marc:subfield code="s">CB53 .D85</marc:subfield>
          </marc:datafield>
        </marc:record>
      </metadata>
    </record>
    <record>
      <header>
        <identifier>oai:library.rochester.edu:URVoyager1/422</identifier>
        <datestamp>2010-08-10T20:06:40Z</datestamp>
        <setSpec>hold</setSpec>
      </header>
      <metadata>
        <marc:record xmlns:marc="http://www.loc.gov/MARC21/slim" xmlns:xsi="http://www.w3.org/2001/XMLSchema-instance" xsi:schemaLocation="http://www.loc.gov/MARC21/slim http://localhost:8080/OAIToolkit/schema/MARC21slim_custom.xsd">
          <marc:leader>00441cv  a22001933  4500</marc:leader>
          <marc:controlfield tag="001">531175</marc:controlfield>
          <marc:controlfield tag="004">473905</marc:controlfield>
          <marc:controlfield tag="005">19980730115025.0</marc:controlfield>
          <marc:controlfield tag="008">9807302u    8   1001aueng0000000</marc:controlfield>
          <marc:datafield tag="014" ind1=" " ind2=" ">
            <marc:subfield code="a">00392949</marc:subfield>
          </marc:datafield>
          <marc:datafield tag="852" ind1="0" ind2=" ">
            <marc:subfield code="b">RheesStack</marc:subfield>
            <marc:subfield code="h">CB53</marc:subfield>
            <marc:subfield code="i">.D95s</marc:subfield>
          </marc:datafield>
          <marc:datafield tag="866" ind1="3" ind2="0">
            <marc:subfield code="a">v. 1 &lt;4 copies&gt;</marc:subfield>
          </marc:datafield>
          <marc:datafield tag="866" ind1="3" ind2="0">
            <marc:subfield code="a">v. 2 &lt;2 copies&gt;</marc:subfield>
          </marc:datafield>
          <marc:datafield tag="866" ind1="3" ind2="0">
            <marc:subfield code="a">v. 3 &lt;3 copies&gt;</marc:subfield>
          </marc:datafield>
          <marc:datafield tag="866" ind1="3" ind2="0">
            <marc:subfield code="a">v. 4 &lt;2 copies&gt;</marc:subfield>
          </marc:datafield>
          <marc:datafield tag="866" ind1="3" ind2="0">
            <marc:subfield code="a">v. 5 &lt;2 copies&gt;</marc:subfield>
          </marc:datafield>
          <marc:datafield tag="866" ind1="3" ind2="0">
            <marc:subfield code="a">v. 6-9</marc:subfield>
          </marc:datafield>
          <marc:datafield tag="866" ind1="3" ind2="0">
            <marc:subfield code="a">v. 10 &lt;2 copies&gt;</marc:subfield>
          </marc:datafield>
          <marc:datafield tag="866" ind1="3" ind2="0">
            <marc:subfield code="a">v. 11</marc:subfield>
          </marc:datafield>
        </marc:record>
      </metadata>
    </record>
    <record>
      <header>
        <identifier>oai:library.rochester.edu:URVoyager1/423</identifier>
        <datestamp>2010-08-10T20:06:40Z</datestamp>
        <setSpec>hold</setSpec>
      </header>
      <metadata>
        <marc:record xmlns:marc="http://www.loc.gov/MARC21/slim" xmlns:xsi="http://www.w3.org/2001/XMLSchema-instance" xsi:schemaLocation="http://www.loc.gov/MARC21/slim http://localhost:8080/OAIToolkit/schema/MARC21slim_custom.xsd">
          <marc:leader>00222cv  a22001093  4500</marc:leader>
          <marc:controlfield tag="001">531176</marc:controlfield>
          <marc:controlfield tag="004">473905</marc:controlfield>
          <marc:controlfield tag="005">19980730115148.0</marc:controlfield>
          <marc:controlfield tag="008">9807302u    8   2001aueng0000000</marc:controlfield>
          <marc:datafield tag="014" ind1=" " ind2=" ">
            <marc:subfield code="a">00392949</marc:subfield>
          </marc:datafield>
          <marc:datafield tag="852" ind1="0" ind2=" ">
            <marc:subfield code="b">ArtStack</marc:subfield>
            <marc:subfield code="h">CB53</marc:subfield>
            <marc:subfield code="i">.D95s</marc:subfield>
          </marc:datafield>
          <marc:datafield tag="866" ind1="3" ind2="0">
            <marc:subfield code="a">v. 2</marc:subfield>
          </marc:datafield>
        </marc:record>
      </metadata>
    </record>
    <record>
      <header>
        <identifier>oai:library.rochester.edu:URVoyager1/424</identifier>
        <datestamp>2010-08-10T20:06:40Z</datestamp>
        <setSpec>hold</setSpec>
      </header>
      <metadata>
        <marc:record xmlns:marc="http://www.loc.gov/MARC21/slim" xmlns:xsi="http://www.w3.org/2001/XMLSchema-instance" xsi:schemaLocation="http://www.loc.gov/MARC21/slim http://localhost:8080/OAIToolkit/schema/MARC21slim_custom.xsd">
          <marc:leader>00198cx  a22000973  4500</marc:leader>
          <marc:controlfield tag="001">531177</marc:controlfield>
          <marc:controlfield tag="004">473905</marc:controlfield>
          <marc:controlfield tag="005">20051003143450.0</marc:controlfield>
          <marc:controlfield tag="008">9612090u    0   4001uu   0000000</marc:controlfield>
          <marc:datafield tag="014" ind1=" " ind2=" ">
            <marc:subfield code="a">00392949</marc:subfield>
          </marc:datafield>
          <marc:datafield tag="852" ind1="0" ind2=" ">
            <marc:subfield code="b">DivColl</marc:subfield>
            <marc:subfield code="h">CB53 .D85</marc:subfield>
          </marc:datafield>
        </marc:record>
      </metadata>
    </record>