
    <record>
      <header>
        <identifier>oai:library.rochester.edu:URVoyager1/426</identifier>
        <datestamp>2010-08-10T20:06:40Z</datestamp>
        <setSpec>bib</setSpec>
      </header>
      <metadata>
        <marc:record xmlns:marc="http://www.loc.gov/MARC21/slim" xmlns:xsi="http://www.w3.org/2001/XMLSchema-instance" xsi:schemaLocation="http://www.loc.gov/MARC21/slim http://localhost:8080/OAIToolkit/schema/MARC21slim_custom.xsd">
          <marc:leader>01802nam a2200301La 4500</marc:leader>
          <marc:controlfield tag="001">1340549</marc:controlfield>
          <marc:controlfield tag="005">19961012095310.0</marc:controlfield>
          <marc:controlfield tag="007">hduafv---baca</marc:controlfield>
          <marc:controlfield tag="008">870427s1650    enk     a     000 0 eng d</marc:controlfield>
          <marc:datafield tag="035" ind1=" " ind2=" ">
            <marc:subfield code="a">ocm20885504</marc:subfield>
          </marc:datafield>
          <marc:datafield tag="040" ind1=" " ind2=" ">
            <marc:subfield code="a">GKS</marc:subfield>
            <marc:subfield code="c">GKS</marc:subfield>
          </marc:datafield>
          <marc:datafield tag="043" ind1=" " ind2=" ">
            <marc:subfield code="a">e-uk---</marc:subfield>
          </marc:datafield>
          <marc:datafield tag="049" ind1=" " ind2=" ">
            <marc:subfield code="a">RRRR</marc:subfield>
          </marc:datafield>
          <marc:datafield tag="099" ind1=" " ind2=" ">
            <marc:subfield code="a">FILM </marc:subfield>
            <marc:subfield code="a"> .G6185</marc:subfield>
            <marc:subfield code="a">no. 1190.</marc:subfield>
          </marc:datafield>
          <marc:datafield tag="100" ind1="0" ind2=" ">
            <marc:subfield code="a">Friend to the threshing floor of Ornan.</marc:subfield>
          </marc:datafield>
          <marc:datafield tag="245" ind1="0" ind2="4">
            <marc:subfield code="a">The muzled ox, treading out the corn, and bellowing out his just complaint against his merciless masters, or, A loud cry from heaven against the crying sin of this nation, viz., the with-holding competent countenance and maintenance from gospel ministers, to the high dishonor of God, and the grief of all truly godly</marc:subfield>
            <marc:subfield code="h">[microform] /</marc:subfield>
            <marc:subfield code="c">by a friend to the threshing floor of Ornan.</marc:subfield>
          </marc:datafield>
          <marc:datafield tag="260" ind1=" " ind2=" ">
            <marc:subfield code="a">London :</marc:subfield>
            <marc:subfield code="b">Printed for W. Hope ...,</marc:subfield>
            <marc:subfield code="c">1650.</marc:subfield>
          </marc:datafield>
          <marc:datafield tag="300" ind1=" " ind2=" ">
            <marc:subfield code="a">[2], 37 p.</marc:subfield>
          </marc:datafield>
          <marc:datafield tag="500" ind1=" " ind2=" ">
            <marc:subfield code="a">"Wherein is laid down, first, the several causes, secondly, the sad consequences of this grand and gospel grievance, thirdly, solutions to all contrary cavils and scruples, fourthly, remedies for future prevention, fiftly, several motives to ministerial encouragement."</marc:subfield>
          </marc:datafield>
          <marc:datafield tag="510" ind1="4" ind2=" ">
            <marc:subfield code="a">Goldsmiths' Lib. cat.,</marc:subfield>
            <marc:subfield code="c">1190.</marc:subfield>
          </marc:datafield>
          <marc:datafield tag="510" ind1="4" ind2=" ">
            <marc:subfield code="a">Wing</marc:subfield>
            <marc:subfield code="c">M3167.</marc:subfield>
          </marc:datafield>
          <marc:datafield tag="533" ind1=" " ind2=" ">
            <marc:subfield code="a">Microfilm.</marc:subfield>
            <marc:subfield code="b">New Haven, Conn. :</marc:subfield>
            <marc:subfield code="c">Research Publications,</marc:subfield>
            <marc:subfield code="d">[1974].</marc:subfield>
            <marc:subfield code="e">1 microfilm reel ; 35 mm.</marc:subfield>
            <marc:subfield code="f">(Goldsmiths'-Kress library of economic literature ; no. 1190).</marc:subfield>
          </marc:datafield>
          <marc:datafield tag="539" ind1=" " ind2=" ">
            <marc:subfield code="a">s</marc:subfield>
            <marc:subfield code="b">1974</marc:subfield>
            <marc:subfield code="d">ctu</marc:subfield>
            <marc:subfield code="e">n</marc:subfield>
          </marc:datafield>
          <marc:datafield tag="650" ind1=" " ind2="0">
            <marc:subfield code="a">Tithes</marc:subfield>
            <marc:subfield code="z">Great Britain</marc:subfield>
            <marc:subfield code="x">Early works to 1800.</marc:subfield>
          </marc:datafield>
          <marc:datafield tag="650" ind1=" " ind2="0">
            <marc:subfield code="a">Clergy</marc:subfield>
            <marc:subfield code="z">Great Britain</marc:subfield>
            <marc:subfield code="x">Salaries, etc.</marc:subfield>
            <marc:subfield code="x">Early works to 1800.</marc:subfield>
          </marc:datafield>
          <marc:datafield tag="740" ind1="0" ind2=" ">
            <marc:subfield code="a">Muzled ox, treading out the corn, and bellowing out his just complaint against his merciless masters.</marc:subfield>
          </marc:datafield>
          <marc:datafield tag="740" ind1="0" ind2=" ">
            <marc:subfield code="a">Loud cry from heaven against the crying sin of this nation.</marc:subfield>
          </marc:datafield>
          <marc:datafield tag="830" ind1=" " ind2="0">
            <marc:subfield code="a">Goldsmiths'-Kress library of economic literature ;</marc:subfield>
            <marc:subfield code="v">no. 1190.</marc:subfield>
          </marc:datafield>
        </marc:record>
      </metadata>
    </record>
    <record>
      <header>
        <identifier>oai:library.rochester.edu:URVoyager1/427</identifier>
        <datestamp>2010-08-10T20:06:40Z</datestamp>
        <setSpec>hold</setSpec>
      </header>
      <metadata>
        <marc:record xmlns:marc="http://www.loc.gov/MARC21/slim" xmlns:xsi="http://www.w3.org/2001/XMLSchema-instance" xsi:schemaLocation="http://www.loc.gov/MARC21/slim http://localhost:8080/OAIToolkit/schema/MARC21slim_custom.xsd">
          <marc:leader>00219cx  a22000973  4500</marc:leader>
          <marc:controlfield tag="001">1457598</marc:controlfield>
          <marc:controlfield tag="004">1340549</marc:controlfield>
          <marc:controlfield tag="005">20061121110501.0</marc:controlfield>
          <marc:controlfield tag="008">9612090u    0   4001uu   0000000</marc:controlfield>
          <marc:datafield tag="014" ind1="1" ind2=" ">
            <marc:subfield code="a">ocm20885504</marc:subfield>
          </marc:datafield>
          <marc:datafield tag="852" ind1="8" ind2=" ">
            <marc:subfield code="b">NewsMicro</marc:subfield>
            <marc:subfield code="h">FILM</marc:subfield>
            <marc:subfield code="i">.G6185</marc:subfield>
            <marc:subfield code="i">no. 1190.</marc:subfield>
          </marc:datafield>
        </marc:record>
      </metadata>
    </record>
    <record>
      <header>
        <identifier>oai:library.rochester.edu:URVoyager1/449</identifier>
        <datestamp>2010-08-10T20:06:40Z</datestamp>
        <setSpec>hold</setSpec>
      </header>
      <metadata>
        <marc:record xmlns:marc="http://www.loc.gov/MARC21/slim" xmlns:xsi="http://www.w3.org/2001/XMLSchema-instance" xsi:schemaLocation="http://www.loc.gov/MARC21/slim http://localhost:8080/OAIToolkit/schema/MARC21slim_custom.xsd">
          <marc:leader>00173nx  a22000852  4500</marc:leader>
          <marc:controlfield tag="001">4547366</marc:controlfield>
          <marc:controlfield tag="004">1340549</marc:controlfield>
          <marc:controlfield tag="005">20100129103742.0</marc:controlfield>
          <marc:controlfield tag="008">1001292g    8   4001au   0901128</marc:controlfield>
          <marc:datafield tag="852" ind1=" " ind2=" ">
            <marc:subfield code="b">RheesStack</marc:subfield>
            <marc:subfield code="h">Test</marc:subfield>
          </marc:datafield>
        </marc:record>
      </metadata>
    </record>