
    <record>
      <header>
        <identifier>oai:library.rochester.edu:URVoyager1/428</identifier>
        <datestamp>2010-08-10T20:06:40Z</datestamp>
        <setSpec>bib</setSpec>
      </header>
      <metadata>
        <marc:record xmlns:marc="http://www.loc.gov/MARC21/slim" xmlns:xsi="http://www.w3.org/2001/XMLSchema-instance" xsi:schemaLocation="http://www.loc.gov/MARC21/slim http://localhost:8080/OAIToolkit/schema/MARC21slim_custom.xsd">
          <marc:leader>01526cam a2200337 a 4500</marc:leader>
          <marc:controlfield tag="001">1644500</marc:controlfield>
          <marc:controlfield tag="005">20100129103914.0</marc:controlfield>
          <marc:controlfield tag="008">980604s1998    nyuag    b    001 0 eng  </marc:controlfield>
          <marc:datafield tag="010" ind1=" " ind2=" ">
            <marc:subfield code="a">   97049983 </marc:subfield>
          </marc:datafield>
          <marc:datafield tag="020" ind1=" " ind2=" ">
            <marc:subfield code="a">0873526996</marc:subfield>
          </marc:datafield>
          <marc:datafield tag="035" ind1=" " ind2=" ">
            <marc:subfield code="a">(OCoLC)37975665</marc:subfield>
          </marc:datafield>
          <marc:datafield tag="035" ind1=" " ind2=" ">
            <marc:subfield code="a">1644500</marc:subfield>
          </marc:datafield>
          <marc:datafield tag="040" ind1=" " ind2=" ">
            <marc:subfield code="a">DLC</marc:subfield>
            <marc:subfield code="c">DLC</marc:subfield>
            <marc:subfield code="d">C#P</marc:subfield>
            <marc:subfield code="d">VQE</marc:subfield>
            <marc:subfield code="d">OrLoB-B</marc:subfield>
          </marc:datafield>
          <marc:datafield tag="049" ind1=" " ind2=" ">
            <marc:subfield code="a">VQEB</marc:subfield>
          </marc:datafield>
          <marc:datafield tag="050" ind1="0" ind2="0">
            <marc:subfield code="a">PN147</marc:subfield>
            <marc:subfield code="b">.G444 1998</marc:subfield>
          </marc:datafield>
          <marc:datafield tag="082" ind1="0" ind2="0">
            <marc:subfield code="a">808/.027</marc:subfield>
            <marc:subfield code="2">21</marc:subfield>
          </marc:datafield>
          <marc:datafield tag="100" ind1="1" ind2=" ">
            <marc:subfield code="a">Gibaldi, Joseph,</marc:subfield>
            <marc:subfield code="d">1942-</marc:subfield>
          </marc:datafield>
          <marc:datafield tag="245" ind1="1" ind2="0">
            <marc:subfield code="a">MLA style manual and guide to scholarly publishing /</marc:subfield>
            <marc:subfield code="c">Joseph Gibaldi.</marc:subfield>
          </marc:datafield>
          <marc:datafield tag="246" ind1="1" ind2="4">
            <marc:subfield code="a">MLA style manual.</marc:subfield>
          </marc:datafield>
          <marc:datafield tag="260" ind1=" " ind2=" ">
            <marc:subfield code="a">New York :</marc:subfield>
            <marc:subfield code="b">Modern Language Association of America,</marc:subfield>
            <marc:subfield code="c">1998.</marc:subfield>
          </marc:datafield>
          <marc:datafield tag="300" ind1=" " ind2=" ">
            <marc:subfield code="a">xxviii, 343 p. :</marc:subfield>
            <marc:subfield code="b">ill., music ;</marc:subfield>
            <marc:subfield code="c">25 cm.</marc:subfield>
          </marc:datafield>
          <marc:datafield tag="504" ind1=" " ind2=" ">
            <marc:subfield code="a">Includes bibliographical references and index.</marc:subfield>
          </marc:datafield>
          <marc:datafield tag="505" ind1="0" ind2="0">
            <marc:subfield code="t">Foreword /</marc:subfield>
            <marc:subfield code="r">Herbert Lindenberger --</marc:subfield>
            <marc:subfield code="g">1.</marc:subfield>
            <marc:subfield code="t">Scholarly Publishing --</marc:subfield>
            <marc:subfield code="g">2.</marc:subfield>
            <marc:subfield code="t">Legal Issues in Scholarly Publishing /</marc:subfield>
            <marc:subfield code="r">Arthur F. Abelman --</marc:subfield>
            <marc:subfield code="g">3.</marc:subfield>
            <marc:subfield code="t">Basics of Scholarly Writing --</marc:subfield>
            <marc:subfield code="g">4.</marc:subfield>
            <marc:subfield code="t">Preparation of Scholarly Manuscripts --</marc:subfield>
            <marc:subfield code="g">5.</marc:subfield>
            <marc:subfield code="t">Preparation of Theses and Dissertations --</marc:subfield>
            <marc:subfield code="g">6.</marc:subfield>
            <marc:subfield code="t">Documentation: Preparing the List of Works Cited --</marc:subfield>
            <marc:subfield code="g">7.</marc:subfield>
            <marc:subfield code="t">Documentation: Citing Sources in the Text --</marc:subfield>
            <marc:subfield code="g">8.</marc:subfield>
            <marc:subfield code="t">Abbreviations --</marc:subfield>
            <marc:subfield code="g">App.</marc:subfield>
            <marc:subfield code="t">Other Systems of Documentation.</marc:subfield>
          </marc:datafield>
          <marc:datafield tag="650" ind1=" " ind2="0">
            <marc:subfield code="a">Authorship</marc:subfield>
            <marc:subfield code="v">Style manuals.</marc:subfield>
          </marc:datafield>
          <marc:datafield tag="650" ind1=" " ind2="0">
            <marc:subfield code="a">Humanities</marc:subfield>
            <marc:subfield code="x">Authorship</marc:subfield>
            <marc:subfield code="v">Handbooks, manuals, etc.</marc:subfield>
          </marc:datafield>
          <marc:datafield tag="650" ind1=" " ind2="0">
            <marc:subfield code="a">Scholarly publishing</marc:subfield>
            <marc:subfield code="v">Handbooks, manuals, etc.</marc:subfield>
          </marc:datafield>
          <marc:datafield tag="650" ind1=" " ind2="0">
            <marc:subfield code="a">Academic writing</marc:subfield>
            <marc:subfield code="v">Handbooks, manuals, etc.</marc:subfield>
          </marc:datafield>
          <marc:datafield tag="650" ind1=" " ind2="2">
            <marc:subfield code="a">Authorship.</marc:subfield>
          </marc:datafield>
          <marc:datafield tag="650" ind1=" " ind2="2">
            <marc:subfield code="a">Writing.</marc:subfield>
          </marc:datafield>
          <marc:datafield tag="710" ind1="2" ind2=" ">
            <marc:subfield code="a">Modern Language Association of America.</marc:subfield>
          </marc:datafield>
          <marc:datafield tag="945" ind1=" " ind2=" ">
            <marc:subfield code="a">MARS</marc:subfield>
          </marc:datafield>
        </marc:record>
      </metadata>
    </record>
    <record>
      <header>
        <identifier>oai:library.rochester.edu:URVoyager1/429</identifier>
        <datestamp>2010-08-10T20:06:40Z</datestamp>
        <setSpec>hold</setSpec>
      </header>
      <metadata>
        <marc:record xmlns:marc="http://www.loc.gov/MARC21/slim" xmlns:xsi="http://www.w3.org/2001/XMLSchema-instance" xsi:schemaLocation="http://www.loc.gov/MARC21/slim http://localhost:8080/OAIToolkit/schema/MARC21slim_custom.xsd">
          <marc:leader>00185nx  a22000852  4500</marc:leader>
          <marc:controlfield tag="001">1765409</marc:controlfield>
          <marc:controlfield tag="004">1644500</marc:controlfield>
          <marc:controlfield tag="005">19980604164126.0</marc:controlfield>
          <marc:controlfield tag="008">9806042p    8   4001au   0901128</marc:controlfield>
          <marc:datafield tag="852" ind1="0" ind2=" ">
            <marc:subfield code="b">DivReadRm</marc:subfield>
            <marc:subfield code="h">PN147</marc:subfield>
            <marc:subfield code="i">.G444 1998</marc:subfield>
          </marc:datafield>
        </marc:record>
      </metadata>
    </record>
    <record>
      <header>
        <identifier>oai:library.rochester.edu:URVoyager1/430</identifier>
        <datestamp>2010-08-10T20:06:40Z</datestamp>
        <setSpec>hold</setSpec>
      </header>
      <metadata>
        <marc:record xmlns:marc="http://www.loc.gov/MARC21/slim" xmlns:xsi="http://www.w3.org/2001/XMLSchema-instance" xsi:schemaLocation="http://www.loc.gov/MARC21/slim http://localhost:8080/OAIToolkit/schema/MARC21slim_custom.xsd">
          <marc:leader>00186cx  a22000852  4500</marc:leader>
          <marc:controlfield tag="001">1772405</marc:controlfield>
          <marc:controlfield tag="004">1644500</marc:controlfield>
          <marc:controlfield tag="005">20080717174139.0</marc:controlfield>
          <marc:controlfield tag="008">9807222p    8   4001bu   1901128</marc:controlfield>
          <marc:datafield tag="852" ind1="0" ind2=" ">
            <marc:subfield code="b">RheesStack</marc:subfield>
            <marc:subfield code="h">PN147</marc:subfield>
            <marc:subfield code="i">.G444 1998</marc:subfield>
          </marc:datafield>
        </marc:record>
      </metadata>
    </record>
    <record>
      <header>
        <identifier>oai:library.rochester.edu:URVoyager1/431</identifier>
        <datestamp>2010-08-10T20:06:40Z</datestamp>
        <setSpec>hold</setSpec>
      </header>
      <metadata>
        <marc:record xmlns:marc="http://www.loc.gov/MARC21/slim" xmlns:xsi="http://www.w3.org/2001/XMLSchema-instance" xsi:schemaLocation="http://www.loc.gov/MARC21/slim http://localhost:8080/OAIToolkit/schema/MARC21slim_custom.xsd">
          <marc:leader>00183cx  a22000852  4500</marc:leader>
          <marc:controlfield tag="001">1772407</marc:controlfield>
          <marc:controlfield tag="004">1644500</marc:controlfield>
          <marc:controlfield tag="005">20080922121522.0</marc:controlfield>
          <marc:controlfield tag="008">9807222p    8   4001bu   0901128</marc:controlfield>
          <marc:datafield tag="852" ind1="0" ind2=" ">
            <marc:subfield code="b">Robbins</marc:subfield>
            <marc:subfield code="h">PN147</marc:subfield>
            <marc:subfield code="i">.G444 1998</marc:subfield>
          </marc:datafield>
        </marc:record>
      </metadata>
    </record>
    <record>
      <header>
        <identifier>oai:library.rochester.edu:URVoyager1/432</identifier>
        <datestamp>2010-08-10T20:06:40Z</datestamp>
        <setSpec>hold</setSpec>
      </header>
      <metadata>
        <marc:record xmlns:marc="http://www.loc.gov/MARC21/slim" xmlns:xsi="http://www.w3.org/2001/XMLSchema-instance" xsi:schemaLocation="http://www.loc.gov/MARC21/slim http://localhost:8080/OAIToolkit/schema/MARC21slim_custom.xsd">
          <marc:leader>00183nx  a22000854  4500</marc:leader>
          <marc:controlfield tag="001">1778556</marc:controlfield>
          <marc:controlfield tag="004">1644500</marc:controlfield>
          <marc:controlfield tag="005">19980923102425.0</marc:controlfield>
          <marc:controlfield tag="008">9809230p    8   1001uu   0901128</marc:controlfield>
          <marc:datafield tag="852" ind1="0" ind2=" ">
            <marc:subfield code="b">SibRef</marc:subfield>
            <marc:subfield code="h">PN147.G43</marc:subfield>
            <marc:subfield code="i">M6 1998</marc:subfield>
          </marc:datafield>
        </marc:record>
      </metadata>
    </record>
    <record>
      <header>
        <identifier>oai:library.rochester.edu:URVoyager1/433</identifier>
        <datestamp>2010-08-10T20:06:40Z</datestamp>
        <setSpec>hold</setSpec>
      </header>
      <metadata>
        <marc:record xmlns:marc="http://www.loc.gov/MARC21/slim" xmlns:xsi="http://www.w3.org/2001/XMLSchema-instance" xsi:schemaLocation="http://www.loc.gov/MARC21/slim http://localhost:8080/OAIToolkit/schema/MARC21slim_custom.xsd">
          <marc:leader>00185nx  a22000854  4500</marc:leader>
          <marc:controlfield tag="001">1779570</marc:controlfield>
          <marc:controlfield tag="004">1644500</marc:controlfield>
          <marc:controlfield tag="005">19980727134533.0</marc:controlfield>
          <marc:controlfield tag="008">9807272p    8   1001uu   0901128</marc:controlfield>
          <marc:datafield tag="852" ind1="2" ind2=" ">
            <marc:subfield code="b">MinerRef5</marc:subfield>
            <marc:subfield code="h">PN 147</marc:subfield>
            <marc:subfield code="i">G437 1998</marc:subfield>
          </marc:datafield>
        </marc:record>
      </metadata>
    </record>
    <record>
      <header>
        <identifier>oai:library.rochester.edu:URVoyager1/434</identifier>
        <datestamp>2010-08-10T20:06:40Z</datestamp>
        <setSpec>hold</setSpec>
      </header>
      <metadata>
        <marc:record xmlns:marc="http://www.loc.gov/MARC21/slim" xmlns:xsi="http://www.w3.org/2001/XMLSchema-instance" xsi:schemaLocation="http://www.loc.gov/MARC21/slim http://localhost:8080/OAIToolkit/schema/MARC21slim_custom.xsd">
          <marc:leader>00186nx  a22000852  4500</marc:leader>
          <marc:controlfield tag="001">1884704</marc:controlfield>
          <marc:controlfield tag="004">1644500</marc:controlfield>
          <marc:controlfield tag="005">20000229120228.0</marc:controlfield>
          <marc:controlfield tag="008">0002292p    8   4001au///0901128</marc:controlfield>
          <marc:datafield tag="852" ind1="0" ind2=" ">
            <marc:subfield code="b">RheesCompd</marc:subfield>
            <marc:subfield code="h">PN147</marc:subfield>
            <marc:subfield code="i">.G444 1998</marc:subfield>
          </marc:datafield>
        </marc:record>
      </metadata>
    </record>
    <record>
      <header>
        <identifier>oai:library.rochester.edu:URVoyager1/435</identifier>
        <datestamp>2010-08-10T20:06:40Z</datestamp>
        <setSpec>hold</setSpec>
      </header>
      <metadata>
        <marc:record xmlns:marc="http://www.loc.gov/MARC21/slim" xmlns:xsi="http://www.w3.org/2001/XMLSchema-instance" xsi:schemaLocation="http://www.loc.gov/MARC21/slim http://localhost:8080/OAIToolkit/schema/MARC21slim_custom.xsd">
          <marc:leader>00183nx  a22000854  4500</marc:leader>
          <marc:controlfield tag="001">2775977</marc:controlfield>
          <marc:controlfield tag="004">1644500</marc:controlfield>
          <marc:controlfield tag="005">20040624065630.0</marc:controlfield>
          <marc:controlfield tag="008">0406244u    8   1001uu   0901128</marc:controlfield>
          <marc:datafield tag="852" ind1="2" ind2=" ">
            <marc:subfield code="b">HighRef</marc:subfield>
            <marc:subfield code="h">PN 147</marc:subfield>
            <marc:subfield code="i">G437 1998</marc:subfield>
          </marc:datafield>
        </marc:record>
      </metadata>
    </record>