
    <record>
      <header>
        <identifier>oai:library.rochester.edu:URVoyager1/436</identifier>
        <datestamp>2010-08-10T20:06:40Z</datestamp>
        <setSpec>bib</setSpec>
      </header>
      <metadata>
        <marc:record xmlns:marc="http://www.loc.gov/MARC21/slim" xmlns:xsi="http://www.w3.org/2001/XMLSchema-instance" xsi:schemaLocation="http://www.loc.gov/MARC21/slim http://localhost:8080/OAIToolkit/schema/MARC21slim_custom.xsd">
          <marc:leader>01279cas a22003618a 4500</marc:leader>
          <marc:controlfield tag="001">1719090</marc:controlfield>
          <marc:controlfield tag="005">20100129104114.0</marc:controlfield>
          <marc:controlfield tag="008">990715d19992001caumr p       0   a0eng d</marc:controlfield>
          <marc:datafield tag="010" ind1=" " ind2=" ">
            <marc:subfield code="a">sn 98001332 </marc:subfield>
          </marc:datafield>
          <marc:datafield tag="022" ind1="0" ind2=" ">
            <marc:subfield code="a">1522-4724</marc:subfield>
          </marc:datafield>
          <marc:datafield tag="035" ind1=" " ind2=" ">
            <marc:subfield code="a">(OCoLC)40198246</marc:subfield>
          </marc:datafield>
          <marc:datafield tag="040" ind1=" " ind2=" ">
            <marc:subfield code="a">NSD</marc:subfield>
            <marc:subfield code="c">NSD</marc:subfield>
            <marc:subfield code="d">CUS</marc:subfield>
          </marc:datafield>
          <marc:datafield tag="042" ind1=" " ind2=" ">
            <marc:subfield code="a">msc</marc:subfield>
          </marc:datafield>
          <marc:datafield tag="049" ind1=" " ind2=" ">
            <marc:subfield code="a">RRRR</marc:subfield>
          </marc:datafield>
          <marc:datafield tag="090" ind1=" " ind2=" ">
            <marc:subfield code="a">QH301</marc:subfield>
            <marc:subfield code="b">.M67</marc:subfield>
          </marc:datafield>
          <marc:datafield tag="099" ind1=" " ind2=" ">
            <marc:subfield code="a">Serial</marc:subfield>
          </marc:datafield>
          <marc:datafield tag="245" ind1="0" ind2="0">
            <marc:subfield code="a">Molecular cell biology research communications.</marc:subfield>
          </marc:datafield>
          <marc:datafield tag="246" ind1="1" ind2="3">
            <marc:subfield code="a">MCBRC</marc:subfield>
          </marc:datafield>
          <marc:datafield tag="246" ind1="1" ind2="3">
            <marc:subfield code="a">Molecular cell biology research notes</marc:subfield>
          </marc:datafield>
          <marc:datafield tag="260" ind1=" " ind2=" ">
            <marc:subfield code="a">San Diego, CA :</marc:subfield>
            <marc:subfield code="b">Academic Press,</marc:subfield>
            <marc:subfield code="c">c1999-c2001.</marc:subfield>
          </marc:datafield>
          <marc:datafield tag="300" ind1=" " ind2=" ">
            <marc:subfield code="a">4 v. :</marc:subfield>
            <marc:subfield code="b">ill. ;</marc:subfield>
            <marc:subfield code="c">28 cm.</marc:subfield>
          </marc:datafield>
          <marc:datafield tag="310" ind1=" " ind2=" ">
            <marc:subfield code="a">Monthly</marc:subfield>
          </marc:datafield>
          <marc:datafield tag="362" ind1="0" ind2=" ">
            <marc:subfield code="a">Vol. 1, no. 1 (Apr. 1999)-v. 4, no. 6 (Nov. 2001).</marc:subfield>
          </marc:datafield>
          <marc:datafield tag="500" ind1=" " ind2=" ">
            <marc:subfield code="a">"Part B of Biochemical and biophysical research communications."</marc:subfield>
          </marc:datafield>
          <marc:datafield tag="530" ind1=" " ind2=" ">
            <marc:subfield code="a">Also available via the Internet (PDF format).</marc:subfield>
          </marc:datafield>
          <marc:datafield tag="580" ind1=" " ind2=" ">
            <marc:subfield code="a">Absorbed by: Archives of biochemistry and biophysics, Nov. 2001.</marc:subfield>
          </marc:datafield>
          <marc:datafield tag="650" ind1=" " ind2="0">
            <marc:subfield code="a">Biochemistry</marc:subfield>
            <marc:subfield code="v">Periodicals.</marc:subfield>
          </marc:datafield>
          <marc:datafield tag="650" ind1=" " ind2="0">
            <marc:subfield code="a">Biophysics</marc:subfield>
            <marc:subfield code="v">Periodicals.</marc:subfield>
          </marc:datafield>
          <marc:datafield tag="650" ind1=" " ind2="2">
            <marc:subfield code="a">Biochemistry</marc:subfield>
            <marc:subfield code="v">Periodicals.</marc:subfield>
          </marc:datafield>
          <marc:datafield tag="650" ind1=" " ind2="2">
            <marc:subfield code="a">Biophysics</marc:subfield>
            <marc:subfield code="v">Periodicals.</marc:subfield>
          </marc:datafield>
          <marc:datafield tag="776" ind1="1" ind2=" ">
            <marc:subfield code="t">Molecular cell biology research communications (Online)</marc:subfield>
            <marc:subfield code="x">1522-4732</marc:subfield>
            <marc:subfield code="w">(DLC)sn 98001337</marc:subfield>
          </marc:datafield>
          <marc:datafield tag="780" ind1="0" ind2="1">
            <marc:subfield code="t">Biochemical and biophysical research communications</marc:subfield>
            <marc:subfield code="x">0006-291X</marc:subfield>
            <marc:subfield code="w">(OCoLC)1532958</marc:subfield>
          </marc:datafield>
          <marc:datafield tag="945" ind1=" " ind2=" ">
            <marc:subfield code="a">MARS</marc:subfield>
          </marc:datafield>
        </marc:record>
      </metadata>
    </record>
    <record>
      <header>
        <identifier>oai:library.rochester.edu:URVoyager1/437</identifier>
        <datestamp>2010-08-10T20:06:40Z</datestamp>
        <setSpec>hold</setSpec>
      </header>
      <metadata>
        <marc:record xmlns:marc="http://www.loc.gov/MARC21/slim" xmlns:xsi="http://www.w3.org/2001/XMLSchema-instance" xsi:schemaLocation="http://www.loc.gov/MARC21/slim http://localhost:8080/OAIToolkit/schema/MARC21slim_custom.xsd">
          <marc:leader>00243cy  a22000973  4500</marc:leader>
          <marc:controlfield tag="001">1845448</marc:controlfield>
          <marc:controlfield tag="004">1719090</marc:controlfield>
          <marc:controlfield tag="005">20000925130251.0</marc:controlfield>
          <marc:controlfield tag="008">9907164p    8   0001uueng0901128        </marc:controlfield>
          <marc:datafield tag="852" ind1="0" ind2=" ">
            <marc:subfield code="b">CarlPer</marc:subfield>
            <marc:subfield code="h">QH301</marc:subfield>
            <marc:subfield code="i">.M67</marc:subfield>
          </marc:datafield>
          <marc:datafield tag="866" ind1="3" ind2="0">
            <marc:subfield code="a">v.1, no.1 (April 1999)-</marc:subfield>
            <marc:subfield code="x">2 hour item type</marc:subfield>
          </marc:datafield>
        </marc:record>
      </metadata>
    </record>
    <record>
      <header>
        <identifier>oai:library.rochester.edu:URVoyager1/438</identifier>
        <datestamp>2010-08-10T20:06:40Z</datestamp>
        <setSpec>hold</setSpec>
      </header>
      <metadata>
        <marc:record xmlns:marc="http://www.loc.gov/MARC21/slim" xmlns:xsi="http://www.w3.org/2001/XMLSchema-instance" xsi:schemaLocation="http://www.loc.gov/MARC21/slim http://localhost:8080/OAIToolkit/schema/MARC21slim_custom.xsd">
          <marc:leader>00214cy  a22000973  4500</marc:leader>
          <marc:controlfield tag="001">1886969</marc:controlfield>
          <marc:controlfield tag="004">1719090</marc:controlfield>
          <marc:controlfield tag="005">20020318100710.0</marc:controlfield>
          <marc:controlfield tag="008">0003104p    8   0001uueng0901128</marc:controlfield>
          <marc:datafield tag="852" ind1="8" ind2=" ">
            <marc:subfield code="b">MinerSer2</marc:subfield>
            <marc:subfield code="h">Serial</marc:subfield>
          </marc:datafield>
          <marc:datafield tag="866" ind1=" " ind2="0">
            <marc:subfield code="a">v. 3 (2000)-v. 4 (2001)</marc:subfield>
          </marc:datafield>
        </marc:record>
      </metadata>
    </record>