
    <record>
      <header>
        <identifier>oai:library.rochester.edu:URVoyager1/441</identifier>
        <datestamp>2010-08-10T20:06:40Z</datestamp>
        <setSpec>bib</setSpec>
      </header>
      <metadata>
        <marc:record xmlns:marc="http://www.loc.gov/MARC21/slim" xmlns:xsi="http://www.w3.org/2001/XMLSchema-instance" xsi:schemaLocation="http://www.loc.gov/MARC21/slim http://localhost:8080/OAIToolkit/schema/MARC21slim_custom.xsd">
          <marc:leader>02342cam a22003734a 4500</marc:leader>
          <marc:controlfield tag="001">3438149</marc:controlfield>
          <marc:controlfield tag="005">20070626095809.0</marc:controlfield>
          <marc:controlfield tag="008">070207s2007    ctu      b    001 0 eng  </marc:controlfield>
          <marc:datafield tag="010" ind1=" " ind2=" ">
            <marc:subfield code="a">  2006029540</marc:subfield>
          </marc:datafield>
          <marc:datafield tag="020" ind1=" " ind2=" ">
            <marc:subfield code="a">0275992594 (alk. paper)</marc:subfield>
          </marc:datafield>
          <marc:datafield tag="024" ind1="7" ind2=" ">
            <marc:subfield code="a">99815552400</marc:subfield>
            <marc:subfield code="2">YBP</marc:subfield>
          </marc:datafield>
          <marc:datafield tag="029" ind1="1" ind2=" ">
            <marc:subfield code="a">YDXCP</marc:subfield>
            <marc:subfield code="b">2451077</marc:subfield>
          </marc:datafield>
          <marc:datafield tag="035" ind1=" " ind2=" ">
            <marc:subfield code="a">(OCoLC)ocm71350384</marc:subfield>
          </marc:datafield>
          <marc:datafield tag="035" ind1=" " ind2=" ">
            <marc:subfield code="a">3438149</marc:subfield>
          </marc:datafield>
          <marc:datafield tag="035" ind1=" " ind2=" ">
            <marc:subfield code="a">(OCoLC)71350384</marc:subfield>
          </marc:datafield>
          <marc:datafield tag="040" ind1=" " ind2=" ">
            <marc:subfield code="a">DLC</marc:subfield>
            <marc:subfield code="c">DLC</marc:subfield>
            <marc:subfield code="d">BAKER</marc:subfield>
            <marc:subfield code="d">C#P</marc:subfield>
            <marc:subfield code="d">YDXCP</marc:subfield>
          </marc:datafield>
          <marc:datafield tag="049" ind1=" " ind2=" ">
            <marc:subfield code="a">RRRR</marc:subfield>
          </marc:datafield>
          <marc:datafield tag="050" ind1="0" ind2="0">
            <marc:subfield code="a">HM1261</marc:subfield>
            <marc:subfield code="b">.F67 2007</marc:subfield>
          </marc:datafield>
          <marc:datafield tag="082" ind1="0" ind2="0">
            <marc:subfield code="a">174</marc:subfield>
            <marc:subfield code="2">22</marc:subfield>
          </marc:datafield>
          <marc:datafield tag="245" ind1="0" ind2="0">
            <marc:subfield code="a">For the common good :</marc:subfield>
            <marc:subfield code="b">the ethics of leadership in the 21st century /</marc:subfield>
            <marc:subfield code="c">edited by John C. Knapp ; foreword by Jimmy Carter.</marc:subfield>
          </marc:datafield>
          <marc:datafield tag="260" ind1=" " ind2=" ">
            <marc:subfield code="a">Westport, Conn. :</marc:subfield>
            <marc:subfield code="b">Praeger Publishers,</marc:subfield>
            <marc:subfield code="c">2007.</marc:subfield>
          </marc:datafield>
          <marc:datafield tag="300" ind1=" " ind2=" ">
            <marc:subfield code="a">xviii, 174 p. ;</marc:subfield>
            <marc:subfield code="c">25 cm.</marc:subfield>
          </marc:datafield>
          <marc:datafield tag="504" ind1=" " ind2=" ">
            <marc:subfield code="a">Includes bibliographical references (p. [151]-162) and index.</marc:subfield>
          </marc:datafield>
          <marc:datafield tag="505" ind1="0" ind2=" ">
            <marc:subfield code="a">Foreword / Jimmy Carter -- Introduction / John C. Knapp -- The new climate for leadership -- Scanning more distant horizons / Erik R. Peterson -- The three elements of good leadership in rapidly changing times / Lynn Barendsen and Howard Gardner -- Leadership, accountability, and the deficit of public trust / John C. Knapp -- Peter Drucker's light : illuminating the path for 21st-century leaders / Frances Hesselbein -- Leadership challenges in the global context -- Spilling sweat, not blood : leadership for a world without conflict / John Hume -- Lessons from Gandhi's leadership : wisdom for the new millennium / Arun Gandhi -- A better way : business leadership for the greater good / Ray C. Anderson -- Problems of hunger and the global response / E.T. York -- The promise of higher education -- Ethical leadership in a global society : (how) can universities lead? / Beheruz N. Sethna -- Cross-sector collaboration in the public interest / David J. Siegel and Michael J. Siegel -- Global ethical leadership and higher education: "being the change you wish to see" / Lawrence Edward Carter Sr. -- Notes -- Index.</marc:subfield>
          </marc:datafield>
          <marc:datafield tag="650" ind1=" " ind2="0">
            <marc:subfield code="a">Leadership</marc:subfield>
            <marc:subfield code="x">Moral and ethical aspects.</marc:subfield>
          </marc:datafield>
          <marc:datafield tag="700" ind1="1" ind2=" ">
            <marc:subfield code="a">Knapp, John C.</marc:subfield>
          </marc:datafield>
          <marc:datafield tag="700" ind1="1" ind2=" ">
            <marc:subfield code="a">Carter, Jimmy,</marc:subfield>
            <marc:subfield code="d">1924-</marc:subfield>
          </marc:datafield>
          <marc:datafield tag="938" ind1=" " ind2=" ">
            <marc:subfield code="a">YBP Library Services</marc:subfield>
            <marc:subfield code="b">YANK</marc:subfield>
            <marc:subfield code="n">2451077</marc:subfield>
          </marc:datafield>
          <marc:datafield tag="938" ind1=" " ind2=" ">
            <marc:subfield code="a">Baker &amp; Taylor</marc:subfield>
            <marc:subfield code="b">BKTY</marc:subfield>
            <marc:subfield code="c">44.95</marc:subfield>
            <marc:subfield code="d">.00</marc:subfield>
            <marc:subfield code="i">0275992594</marc:subfield>
            <marc:subfield code="n">0006913061</marc:subfield>
            <marc:subfield code="s">active</marc:subfield>
          </marc:datafield>
          <marc:datafield tag="945" ind1=" " ind2=" ">
            <marc:subfield code="a">PromptCat</marc:subfield>
          </marc:datafield>
          <marc:datafield tag="945" ind1=" " ind2=" ">
            <marc:subfield code="a">MARS</marc:subfield>
          </marc:datafield>
          <marc:datafield tag="949" ind1=" " ind2=" ">
            <marc:subfield code="b">39087028923300</marc:subfield>
          </marc:datafield>
          <marc:datafield tag="980" ind1=" " ind2=" ">
            <marc:subfield code="a">2007-02-21</marc:subfield>
            <marc:subfield code="b">44.95</marc:subfield>
            <marc:subfield code="e">44.95</marc:subfield>
            <marc:subfield code="f">73715</marc:subfield>
            <marc:subfield code="g">1</marc:subfield>
          </marc:datafield>
          <marc:datafield tag="994" ind1=" " ind2=" ">
            <marc:subfield code="a">92</marc:subfield>
            <marc:subfield code="b">RRR</marc:subfield>
          </marc:datafield>
        </marc:record>
      </metadata>
    </record>
    <record>
      <header>
        <identifier>oai:library.rochester.edu:URVoyager1/440</identifier>
        <datestamp>2010-08-10T20:06:40Z</datestamp>
        <setSpec>hold</setSpec>
      </header>
      <metadata>
        <marc:record xmlns:marc="http://www.loc.gov/MARC21/slim" xmlns:xsi="http://www.w3.org/2001/XMLSchema-instance" xsi:schemaLocation="http://www.loc.gov/MARC21/slim http://localhost:8080/OAIToolkit/schema/MARC21slim_custom.xsd">
          <marc:leader>00189cx  a22000854  4500</marc:leader>
          <marc:controlfield tag="001">2590841</marc:controlfield>
          <marc:controlfield tag="004">3438149</marc:controlfield>
          <marc:controlfield tag="005">20100129104313.0</marc:controlfield>
          <marc:controlfield tag="008">0301080p    8   1001uu   0000000</marc:controlfield>
          <marc:datafield tag="852" ind1="0" ind2=" ">
            <marc:subfield code="b">RheesStack</marc:subfield>
            <marc:subfield code="h">PS3552.U827</marc:subfield>
            <marc:subfield code="i">K5 1988</marc:subfield>
          </marc:datafield>
        </marc:record>
      </metadata>
    </record>
    <record>
      <header>
        <identifier>oai:library.rochester.edu:URVoyager1/442</identifier>
        <datestamp>2010-08-10T20:06:40Z</datestamp>
        <setSpec>hold</setSpec>
      </header>
      <metadata>
        <marc:record xmlns:marc="http://www.loc.gov/MARC21/slim" xmlns:xsi="http://www.w3.org/2001/XMLSchema-instance" xsi:schemaLocation="http://www.loc.gov/MARC21/slim http://localhost:8080/OAIToolkit/schema/MARC21slim_custom.xsd">
          <marc:leader>00186cx  a22000851  4500</marc:leader>
          <marc:controlfield tag="001">3629512</marc:controlfield>
          <marc:controlfield tag="004">3438149</marc:controlfield>
          <marc:controlfield tag="005">20070228105019.0</marc:controlfield>
          <marc:controlfield tag="008">0702070u||||8|||4001uu|||0000000</marc:controlfield>
          <marc:datafield tag="852" ind1="0" ind2=" ">
            <marc:subfield code="b">RheesStack</marc:subfield>
            <marc:subfield code="h">HM1261</marc:subfield>
            <marc:subfield code="i">.F67 2007</marc:subfield>
          </marc:datafield>
        </marc:record>
      </metadata>
    </record>