
    <record>
      <header>
        <identifier>oai:library.rochester.edu:URVoyager1/443</identifier>
        <datestamp>2010-08-10T20:06:40Z</datestamp>
        <setSpec>bib</setSpec>
      </header>
      <metadata>
        <marc:record xmlns:marc="http://www.loc.gov/MARC21/slim" xmlns:xsi="http://www.w3.org/2001/XMLSchema-instance" xsi:schemaLocation="http://www.loc.gov/MARC21/slim http://localhost:8080/OAIToolkit/schema/MARC21slim_custom.xsd">
          <marc:leader>02775cjm a2200445Ia 4500</marc:leader>
          <marc:controlfield tag="001">3458528</marc:controlfield>
          <marc:controlfield tag="005">20100129104536.0</marc:controlfield>
          <marc:controlfield tag="007">sd fungnn|||eu</marc:controlfield>
          <marc:controlfield tag="008">041117s2004    nyu  n   fi         zxx d</marc:controlfield>
          <marc:datafield tag="028" ind1="0" ind2="2">
            <marc:subfield code="a">SUR 1012</marc:subfield>
            <marc:subfield code="b">Syracuse University</marc:subfield>
          </marc:datafield>
          <marc:datafield tag="035" ind1=" " ind2=" ">
            <marc:subfield code="a">(OCoLC)ocm56988393</marc:subfield>
          </marc:datafield>
          <marc:datafield tag="035" ind1=" " ind2=" ">
            <marc:subfield code="a">(OCoLC)56988393</marc:subfield>
          </marc:datafield>
          <marc:datafield tag="040" ind1=" " ind2=" ">
            <marc:subfield code="a">JHP</marc:subfield>
            <marc:subfield code="c">JHP</marc:subfield>
            <marc:subfield code="d">OCLCQ</marc:subfield>
            <marc:subfield code="d">RES</marc:subfield>
          </marc:datafield>
          <marc:datafield tag="049" ind1=" " ind2=" ">
            <marc:subfield code="a">RESM</marc:subfield>
          </marc:datafield>
          <marc:datafield tag="245" ind1="0" ind2="0">
            <marc:subfield code="a">50 years of the Crouse Holtkamp</marc:subfield>
            <marc:subfield code="h">[sound recording].</marc:subfield>
          </marc:datafield>
          <marc:datafield tag="260" ind1=" " ind2=" ">
            <marc:subfield code="a">[Syracuse, New York] :</marc:subfield>
            <marc:subfield code="b">SUR,</marc:subfield>
            <marc:subfield code="c">p2004.</marc:subfield>
          </marc:datafield>
          <marc:datafield tag="300" ind1=" " ind2=" ">
            <marc:subfield code="a">1 sound disc :</marc:subfield>
            <marc:subfield code="b">digital ;</marc:subfield>
            <marc:subfield code="c">4 3/4 in.</marc:subfield>
          </marc:datafield>
          <marc:datafield tag="306" ind1=" " ind2=" ">
            <marc:subfield code="a">011037</marc:subfield>
          </marc:datafield>
          <marc:datafield tag="500" ind1=" " ind2=" ">
            <marc:subfield code="a">Title from insert.</marc:subfield>
          </marc:datafield>
          <marc:datafield tag="500" ind1=" " ind2=" ">
            <marc:subfield code="a">Compact disc.</marc:subfield>
          </marc:datafield>
          <marc:datafield tag="500" ind1=" " ind2=" ">
            <marc:subfield code="a">Program and biographical notes in English with organ specificatiions ([12] p. : port.) in container.</marc:subfield>
          </marc:datafield>
          <marc:datafield tag="505" ind1="0" ind2=" ">
            <marc:subfield code="a">Prelude and fugue in E-flat major, BWV 552 (1739) (16:52) / Johann Sebastian Bach -- Rcit de Tierce en taille (Livre d"ORgue, 1699) (5:13) / Nicolas de Grigny -- cantio sacra "warum betrbst du dich, mein Herz" (tabulatura Nova, Teil 1, 1624) Chorale in 12 verses (11:59) / Samuel Scheidt -- Improvisation in baroque style (Passacaglia) (1968) (10:47) / David N. Johnson -- Cortge et Litanie, op. 19, No. 2 (1921) (6:23) / Marcel Dupr -- Choral vari sur "Veni Creator", Op. 4 (1930) (5:02) / Maurice Durufl -- Allluias sereins d'une me qui dsire le ciel (L'Ascension, No. 11, 1933) (7:22) / Olivier messiaen -- Pice hroque (Trois Pices, No. 3, 1878) (7:58) / Csar Franck.</marc:subfield>
          </marc:datafield>
          <marc:datafield tag="511" ind1="0" ind2=" ">
            <marc:subfield code="a">Performances by Arthur Poister, Will Headlee, Donald Sutherland, David N. Johnson, Katherine Pardee and Christopher Marks.</marc:subfield>
          </marc:datafield>
          <marc:datafield tag="650" ind1=" " ind2="0">
            <marc:subfield code="a">Organ music.</marc:subfield>
          </marc:datafield>
          <marc:datafield tag="650" ind1=" " ind2="0">
            <marc:subfield code="a">Canons, fugues, etc.</marc:subfield>
          </marc:datafield>
          <marc:datafield tag="700" ind1="1" ind2=" ">
            <marc:subfield code="a">Poister, Arthur,</marc:subfield>
            <marc:subfield code="d">1898-1980.</marc:subfield>
            <marc:subfield code="4">prf</marc:subfield>
          </marc:datafield>
          <marc:datafield tag="700" ind1="1" ind2=" ">
            <marc:subfield code="a">Headlee, Will.</marc:subfield>
            <marc:subfield code="4">prf</marc:subfield>
          </marc:datafield>
          <marc:datafield tag="700" ind1="1" ind2=" ">
            <marc:subfield code="a">Sutherland, Donald,</marc:subfield>
            <marc:subfield code="d">1939-</marc:subfield>
            <marc:subfield code="4">prf</marc:subfield>
          </marc:datafield>
          <marc:datafield tag="700" ind1="1" ind2=" ">
            <marc:subfield code="a">Johnson, David N.</marc:subfield>
            <marc:subfield code="q">(David Nathaniel),</marc:subfield>
            <marc:subfield code="d">1922-1987.</marc:subfield>
            <marc:subfield code="4">prf</marc:subfield>
          </marc:datafield>
          <marc:datafield tag="700" ind1="1" ind2=" ">
            <marc:subfield code="a">Pardee, Katharine.</marc:subfield>
            <marc:subfield code="4">prf</marc:subfield>
          </marc:datafield>
          <marc:datafield tag="700" ind1="1" ind2=" ">
            <marc:subfield code="a">Marks, Christopher.</marc:subfield>
            <marc:subfield code="4">prf</marc:subfield>
          </marc:datafield>
          <marc:datafield tag="700" ind1="1" ind2=" ">
            <marc:subfield code="a">Bach, Johann Sebastian,</marc:subfield>
            <marc:subfield code="d">1685-1750.</marc:subfield>
            <marc:subfield code="t">Prludium und Fuge,</marc:subfield>
            <marc:subfield code="m">organ</marc:subfield>
            <marc:subfield code="n">BWV 552,</marc:subfield>
            <marc:subfield code="r">E major.</marc:subfield>
          </marc:datafield>
          <marc:datafield tag="700" ind1="1" ind2="2">
            <marc:subfield code="a">Grigny, Nicolas de,</marc:subfield>
            <marc:subfield code="d">1672-1703.</marc:subfield>
            <marc:subfield code="t">Livre d'orgue.</marc:subfield>
            <marc:subfield code="p">Messe.</marc:subfield>
            <marc:subfield code="p">Rcit de tierce en taille.</marc:subfield>
          </marc:datafield>
          <marc:datafield tag="700" ind1="1" ind2="2">
            <marc:subfield code="a">Scheidt, Samuel,</marc:subfield>
            <marc:subfield code="d">1587-1654.</marc:subfield>
            <marc:subfield code="t">Tabulatura nova.</marc:subfield>
            <marc:subfield code="p">Warum betrbst du dich, mein Herz.</marc:subfield>
          </marc:datafield>
          <marc:datafield tag="700" ind1="1" ind2="2">
            <marc:subfield code="a">Johnson, David N.</marc:subfield>
            <marc:subfield code="q">(David Nathaniel),</marc:subfield>
            <marc:subfield code="d">1922-1987.</marc:subfield>
            <marc:subfield code="t">Improvisation in baroque style.</marc:subfield>
          </marc:datafield>
          <marc:datafield tag="700" ind1="1" ind2="2">
            <marc:subfield code="a">Dupr, Marcel,</marc:subfield>
            <marc:subfield code="d">1886-1971.</marc:subfield>
            <marc:subfield code="t">Cortge et litanie.</marc:subfield>
          </marc:datafield>
          <marc:datafield tag="700" ind1="1" ind2="2">
            <marc:subfield code="a">Durufl, Maurice,</marc:subfield>
            <marc:subfield code="d">1902-1986.</marc:subfield>
            <marc:subfield code="t">Prlude, adagio et choral vari sur le thme du Veni Creator.</marc:subfield>
            <marc:subfield code="p">Choral vari.</marc:subfield>
          </marc:datafield>
          <marc:datafield tag="700" ind1="1" ind2="2">
            <marc:subfield code="a">Messiaen, Olivier,</marc:subfield>
            <marc:subfield code="d">1908-1992.</marc:subfield>
            <marc:subfield code="t">Ascension,</marc:subfield>
            <marc:subfield code="m">organ.</marc:subfield>
            <marc:subfield code="p">Allluias sereins d'une me qui dsire le ciel.</marc:subfield>
          </marc:datafield>
          <marc:datafield tag="700" ind1="1" ind2="2">
            <marc:subfield code="a">Franck, Csar,</marc:subfield>
            <marc:subfield code="d">1822-1890.</marc:subfield>
            <marc:subfield code="t">Pices,</marc:subfield>
            <marc:subfield code="m">organ</marc:subfield>
            <marc:subfield code="n">(1878).</marc:subfield>
            <marc:subfield code="p">Pice hroque.</marc:subfield>
          </marc:datafield>
          <marc:datafield tag="994" ind1=" " ind2=" ">
            <marc:subfield code="a">C0</marc:subfield>
            <marc:subfield code="b">RES</marc:subfield>
          </marc:datafield>
        </marc:record>
      </metadata>
    </record>
    <record>
      <header>
        <identifier>oai:library.rochester.edu:URVoyager1/444</identifier>
        <datestamp>2010-08-10T20:06:41Z</datestamp>
        <setSpec>hold</setSpec>
      </header>
      <metadata>
        <marc:record xmlns:marc="http://www.loc.gov/MARC21/slim" xmlns:xsi="http://www.w3.org/2001/XMLSchema-instance" xsi:schemaLocation="http://www.loc.gov/MARC21/slim http://localhost:8080/OAIToolkit/schema/MARC21slim_custom.xsd">
          <marc:leader>00176cx  a22000854  4500</marc:leader>
          <marc:controlfield tag="001">3655186</marc:controlfield>
          <marc:controlfield tag="004">3458528</marc:controlfield>
          <marc:controlfield tag="005">20070730124308.0</marc:controlfield>
          <marc:controlfield tag="008">0703200p    8   1001uu   0000000</marc:controlfield>
          <marc:datafield tag="852" ind1="8" ind2=" ">
            <marc:subfield code="b">SibRecrd</marc:subfield>
            <marc:subfield code="h">CD 20,564</marc:subfield>
          </marc:datafield>
        </marc:record>
      </metadata>
    </record>