
    <record>
      <header>
        <identifier>oai:library.rochester.edu:URVoyager1/445</identifier>
        <datestamp>2010-08-10T20:06:41Z</datestamp>
        <setSpec>bib</setSpec>
      </header>
      <metadata>
        <marc:record xmlns:marc="http://www.loc.gov/MARC21/slim" xmlns:xsi="http://www.w3.org/2001/XMLSchema-instance" xsi:schemaLocation="http://www.loc.gov/MARC21/slim http://localhost:8080/OAIToolkit/schema/MARC21slim_custom.xsd">
          <marc:leader>00820cas a22002053u 4500</marc:leader>
          <marc:controlfield tag="001">4213611</marc:controlfield>
          <marc:controlfield tag="005">20100129104755.0</marc:controlfield>
          <marc:controlfield tag="006">m        d        </marc:controlfield>
          <marc:controlfield tag="007">cr  n         </marc:controlfield>
          <marc:controlfield tag="008">090615uuuuuuuuu||||| |ss||||||   ||||||d</marc:controlfield>
          <marc:datafield tag="035" ind1=" " ind2=" ">
            <marc:subfield code="a">(WaSeSS)ssib001544381</marc:subfield>
          </marc:datafield>
          <marc:datafield tag="040" ind1=" " ind2=" ">
            <marc:subfield code="a">WaSeSS</marc:subfield>
            <marc:subfield code="c">WaSeSS</marc:subfield>
            <marc:subfield code="d">WaSeSS</marc:subfield>
          </marc:datafield>
          <marc:datafield tag="130" ind1="0" ind2=" ">
            <marc:subfield code="a">Solid-State Circuits Conference, 2007. ASSCC '07. IEEE Asian (Online)</marc:subfield>
          </marc:datafield>
          <marc:datafield tag="245" ind1="1" ind2="0">
            <marc:subfield code="a">Solid-State Circuits Conference, 2007. ASSCC '07. IEEE Asian</marc:subfield>
            <marc:subfield code="h">[electronic resource].</marc:subfield>
          </marc:datafield>
          <marc:datafield tag="260" ind1=" " ind2=" ">
            <marc:subfield code="a">[S.l.] :</marc:subfield>
            <marc:subfield code="b">[s.n.]</marc:subfield>
          </marc:datafield>
          <marc:datafield tag="500" ind1=" " ind2=" ">
            <marc:subfield code="a">Title from content provider.</marc:subfield>
          </marc:datafield>
          <marc:datafield tag="710" ind1="2" ind2=" ">
            <marc:subfield code="a">IEEE Xplore (Online service)</marc:subfield>
          </marc:datafield>
          <marc:datafield tag="730" ind1="0" ind2="2">
            <marc:subfield code="a">Solid-State Circuits Conference, 2008. ASSCC '08. IEEE Asian (Online)</marc:subfield>
          </marc:datafield>
          <marc:datafield tag="856" ind1="4" ind2="0">
            <marc:subfield code="z">Full text</marc:subfield>
            <marc:subfield code="u">http://TQ7XH3EE6L.search.serialssolutions.com/?V=1.0&amp;L=TQ7XH3EE6L&amp;S=JCs&amp;C=JC_001544381&amp;T=marc</marc:subfield>
          </marc:datafield>
          <marc:datafield tag="999" ind1=" " ind2=" ">
            <marc:subfield code="a">Journal RCL Internet SS</marc:subfield>
          </marc:datafield>
        </marc:record>
      </metadata>
    </record>
    <record>
      <header>
        <identifier>oai:library.rochester.edu:URVoyager1/446</identifier>
        <datestamp>2010-08-10T20:06:41Z</datestamp>
        <setSpec>hold</setSpec>
      </header>
      <metadata>
        <marc:record xmlns:marc="http://www.loc.gov/MARC21/slim" xmlns:xsi="http://www.w3.org/2001/XMLSchema-instance" xsi:schemaLocation="http://www.loc.gov/MARC21/slim http://localhost:8080/OAIToolkit/schema/MARC21slim_custom.xsd">
          <marc:leader>00286cy  a2200097   4500</marc:leader>
          <marc:controlfield tag="001">4455189</marc:controlfield>
          <marc:controlfield tag="004">4213611</marc:controlfield>
          <marc:controlfield tag="005">20090617154443.0</marc:controlfield>
          <marc:controlfield tag="008">0906160p    8   4001aueng0000000</marc:controlfield>
          <marc:datafield tag="852" ind1=" " ind2=" ">
            <marc:subfield code="b">Internet</marc:subfield>
          </marc:datafield>
          <marc:datafield tag="856" ind1=" " ind2=" ">
            <marc:subfield code="u">http://TQ7XH3EE6L.search.serialssolutions.com/?V=1.0&amp;L=TQ7XH3EE6L&amp;S=JCs&amp;C=JC_001544381&amp;T=marc</marc:subfield>
            <marc:subfield code="z">Full text</marc:subfield>
          </marc:datafield>
        </marc:record>
      </metadata>
    </record>
  </ListRecords>
</OAI-PMH>
